<?xml version="1.0" encoding="UTF-8"?><record xmlns="http://www.loc.gov/MARC21/slim" xmlns:cinclude="http://apache.org/cocoon/include/1.0" xmlns:zs="http://www.loc.gov/zing/srw/">
  <leader>00519cz  a2200145n  4500</leader>
  <controlfield tag="001">n  88077022 </controlfield>
  <controlfield tag="003">DLC</controlfield>
  <controlfield tag="005">19980429052805.8</controlfield>
  <controlfield tag="008">880324n| acannaab|          |n aaa ||| c</controlfield>
  <datafield tag="010" ind1=" " ind2=" ">
    <subfield code="a">n  88077022 </subfield>
  </datafield>
  <datafield tag="035" ind1=" " ind2=" ">
    <subfield code="a">(OCoLC)oca02235352 </subfield>
  </datafield>
  <datafield tag="040" ind1=" " ind2=" ">
    <subfield code="a">DGPO</subfield>
    <subfield code="c">DLC</subfield>
    <subfield code="d">NBL</subfield>
  </datafield>
  <datafield tag="100" ind1="1" ind2="0">
    <subfield code="a">Healey, Kerry Murphy</subfield>
  </datafield>
  <datafield tag="670" ind1=" " ind2=" ">
    <subfield code="a">State and local experience with drug ... 1988:</subfield>
    <subfield code="b">t.p. (Kerry Murphy Healey)</subfield>
  </datafield>
  <datafield tag="670" ind1=" " ind2=" ">
    <subfield code="a">Batterer intervention, 1998:</subfield>
    <subfield code="b">t.p. (Kerry Healey, Ph.D.) p. ix (Kerry Murphy Healey; Consultant to Abt Assocs., Cambridge, Mass.)</subfield>
  </datafield>
</record>